@article{Demsar2016BalancedMixture,
    title = {{A Balanced Mixture of Antagonistic Pressures Promotes the Evolution of Parallel Movement}},
    year = {2016},
    journal = {Scientific Reports},
    author = {Dem{\v{s}}ar, Jure and {\v{S}}trumbelj, Erik and Lebar Bajec, Iztok},
    volume = {6},
    doi = {10.1038/srep39428}
}

@article{Demsar2017LinguisticEvolution,
    title = {{Evolution of Collective Behaviour in an Artificial World Using Linguistic Fuzzy Rule-Based Systems}},
    year = {2017},
    journal = {PLoS ONE},
    author = {Dem{\v{s}}ar, Jure and Lebar Bajec, Iztok},
    number = {1},
    pages = {1--20},
    volume = {12},
    doi = {10.1371/journal.pone.0168876}
}

@misc{bang,
      title={A Multitask, Multilingual, Multimodal Evaluation of ChatGPT on Reasoning, Hallucination, and Interactivity}, 
      author={Yejin Bang and Samuel Cahyawijaya and Nayeon Lee and Wenliang Dai and Dan Su and Bryan Wilie and Holy Lovenia and Ziwei Ji and Tiezheng Yu and Willy Chung and Quyet V. Do and Yan Xu and Pascale Fung},
      year={2023},
      eprint={2302.04023},
      archivePrefix={arXiv},
      primaryClass={cs.CL},
      url={https://arxiv.org/abs/2302.04023}, 
}

@misc{cao,
      title={Factual Error Correction for Abstractive Summarization Models}, 
      author={Meng Cao and Yue Dong and Jiapeng Wu and Jackie Chi Kit Cheung},
      year={2021},
      eprint={2010.08712},
      archivePrefix={arXiv},
      primaryClass={cs.CL},
      url={https://arxiv.org/abs/2010.08712}, 
}

@misc{guu,
      title={REALM: Retrieval-Augmented Language Model Pre-Training}, 
      author={Kelvin Guu and Kenton Lee and Zora Tung and Panupong Pasupat and Ming-Wei Chang},
      year={2020},
      eprint={2002.08909},
      archivePrefix={arXiv},
      primaryClass={cs.CL},
      url={https://arxiv.org/abs/2002.08909}, 
}

@misc{gao,
      title={Retrieval-Augmented Generation for Large Language Models: A Survey}, 
      author={Yunfan Gao and Yun Xiong and Xinyu Gao and Kangxiang Jia and Jinliu Pan and Yuxi Bi and Yi Dai and Jiawei Sun and Meng Wang and Haofen Wang},
      year={2024},
      eprint={2312.10997},
      archivePrefix={arXiv},
      primaryClass={cs.CL},
      url={https://arxiv.org/abs/2312.10997}, 
}

@misc{chen,
      title={Benchmarking Large Language Models in Retrieval-Augmented Generation}, 
      author={Jiawei Chen and Hongyu Lin and Xianpei Han and Le Sun},
      year={2023},
      eprint={2309.01431},
      archivePrefix={arXiv},
      primaryClass={cs.CL},
      url={https://arxiv.org/abs/2309.01431}, 
}

@article{soup,
  title={Beautiful soup documentation},
  author={Richardson, Leonard},
  journal={April},
  year={2007}
}

@inproceedings{sentence,
    title = "Sentence-BERT: Sentence Embeddings using Siamese BERT-Networks",
    author = "Reimers, Nils and Gurevych, Iryna",
    booktitle = "Proceedings of the 2019 Conference on Empirical Methods in Natural Language Processing",
    month = "11",
    year = "2019",
    publisher = "Association for Computational Linguistics",
    url = "http://arxiv.org/abs/1908.10084",
}

@misc{faiss,
      title={The Faiss library}, 
      author={Matthijs Douze and Alexandr Guzhva and Chengqi Deng and Jeff Johnson and Gergely Szilvasy and Pierre-Emmanuel Mazaré and Maria Lomeli and Lucas Hosseini and Hervé Jégou},
      year={2025},
      eprint={2401.08281},
      archivePrefix={arXiv},
      primaryClass={cs.LG},
      url={https://arxiv.org/abs/2401.08281}, 
}

@misc{deepseek,
      title={DeepSeek LLM: Scaling Open-Source Language Models with Longtermism}, 
      author={DeepSeek-AI and : and Xiao Bi and Deli Chen and Guanting Chen and Shanhuang Chen and Damai Dai and Chengqi Deng and Honghui Ding and Kai Dong and Qiushi Du and Zhe Fu and Huazuo Gao and Kaige Gao and Wenjun Gao and Ruiqi Ge and Kang Guan and Daya Guo and Jianzhong Guo and Guangbo Hao and Zhewen Hao and Ying He and Wenjie Hu and Panpan Huang and Erhang Li and Guowei Li and Jiashi Li and Yao Li and Y. K. Li and Wenfeng Liang and Fangyun Lin and A. X. Liu and Bo Liu and Wen Liu and Xiaodong Liu and Xin Liu and Yiyuan Liu and Haoyu Lu and Shanghao Lu and Fuli Luo and Shirong Ma and Xiaotao Nie and Tian Pei and Yishi Piao and Junjie Qiu and Hui Qu and Tongzheng Ren and Zehui Ren and Chong Ruan and Zhangli Sha and Zhihong Shao and Junxiao Song and Xuecheng Su and Jingxiang Sun and Yaofeng Sun and Minghui Tang and Bingxuan Wang and Peiyi Wang and Shiyu Wang and Yaohui Wang and Yongji Wang and Tong Wu and Y. Wu and Xin Xie and Zhenda Xie and Ziwei Xie and Yiliang Xiong and Hanwei Xu and R. X. Xu and Yanhong Xu and Dejian Yang and Yuxiang You and Shuiping Yu and Xingkai Yu and B. Zhang and Haowei Zhang and Lecong Zhang and Liyue Zhang and Mingchuan Zhang and Minghua Zhang and Wentao Zhang and Yichao Zhang and Chenggang Zhao and Yao Zhao and Shangyan Zhou and Shunfeng Zhou and Qihao Zhu and Yuheng Zou},
      year={2024},
      eprint={2401.02954},
      archivePrefix={arXiv},
      primaryClass={cs.CL},
      url={https://arxiv.org/abs/2401.02954}, 
}

@misc{searxng2025,
  author       = {SearxNG Developers},
  title        = {SearxNG: A privacy-respecting metasearch engine},
  year         = {2025},
  note         = {Accessed: 2025-05-30},
  url          = {https://github.com/searxng/searxng}
}

@misc{sarvam2025sarvam,
  author       = {Sarvam AI},
  title        = {Sarvam-M-26B},
  year         = {2025},
  publisher    = {Hugging Face},
  howpublished = {\url{https://huggingface.co/sarvamai}},
}

@misc{openai,
  author       = {{OpenAI}},
  title        = {{ChatGPT}: Large Language Model},
  year         = {2025},
  howpublished = {\url{https://chat.openai.com}},
  note         = {Accessed: 2025-05-30}
}


@misc{nlp2024rag,
  author       = {Blaž Grilj and Ana Poklukar and Kristjan Sever},
  title        = {{Natural Language Processing Course 2024/25: Conversational Agent with Retrieval-Augmented Generation}},
  howpublished = {\url{https://github.com/UL-FRI-NLP-Course/ul-fri-nlp-course-project-2024-2025-piskotki}},
  year         = {2025},
  note         = {GitHub repository},
}

